@article{Brin98,
  title={The anatomy of a large-scale hypertextual Web search engine},
  author={Sergey Brin and Lawrence Page},
  journal={Computer networks and ISDN systems, 30 (1-7):107–117},
  year={1998}
}

@article{Bryan06,
  title={The \$25,000,000,000 eigenvector: The linear algebra behind google},
  author={Kurt Bryan and Tanya Leise},
  journal={T SIAM review, 48 (3):569–581},
  year={2006}
}

@article{Kamvar03,
  title={Extrapolation methods for accelerating pagerank computations},
  author={Sepandar D Kamvar; Taher H Haveliwala; Christopher D Manning and Gene H Golub},
  journal={In Proceedings of the 12th international conference on World Wide Web, pages 261-270. ACM},
  year={2003}
}

@article{Langville04,
  title={Deeper inside pagerank},
  author={Amy N Langville and Carl D Meyer},
  journal={Internet Mathematics, 1(3):335–380},
  year={2004}
}