@book{ejemplo_ref,
  title={titulo},
  author={autor},
  volume={volumen},
  year={a√±o},
  publisher={publicador}
}